<?xml version="1.0" encoding="UTF-8"?>
  <record xmlns="http://www.loc.gov/MARC21/slim" type="Authority">
    <leader>00000nz  a2200000nc 4500</leader>
    <controlfield tag="001">12924211X</controlfield>
    <controlfield tag="003">DE-101</controlfield>
    <controlfield tag="005">20140314203848.0</controlfield>
    <controlfield tag="008">040723n||aznnnaabn           | aaa    |c</controlfield>
    <datafield tag="024" ind1="7" ind2=" ">
      <subfield code="a">12924211X</subfield>
      <subfield code="0">http://d-nb.info/gnd/12924211X</subfield>
      <subfield code="2">gnd</subfield>
    </datafield>
    <datafield tag="035" ind1=" " ind2=" ">
      <subfield code="a">(DE-101)12924211X</subfield>
    </datafield>
    <datafield tag="035" ind1=" " ind2=" ">
      <subfield code="a">(DE-588)12924211X</subfield>
    </datafield>
    <datafield tag="035" ind1=" " ind2=" ">
      <subfield code="z">(DE-588a)12924211X</subfield>
      <subfield code="9">v:zg</subfield>
    </datafield>
    <datafield tag="040" ind1=" " ind2=" ">
      <subfield code="a">DE-12</subfield>
      <subfield code="c">DE-12</subfield>
      <subfield code="9">r:DE-12</subfield>
      <subfield code="b">ger</subfield>
      <subfield code="d">1210</subfield>
    </datafield>
    <datafield tag="042" ind1=" " ind2=" ">
      <subfield code="a">gnd1</subfield>
    </datafield>
    <datafield tag="075" ind1=" " ind2=" ">
      <subfield code="b">p</subfield>
      <subfield code="2">gndgen</subfield>
    </datafield>
    <datafield tag="075" ind1=" " ind2=" ">
      <subfield code="b">piz</subfield>
      <subfield code="2">gndspec</subfield>
    </datafield>
    <datafield tag="079" ind1=" " ind2=" ">
      <subfield code="a">g</subfield>
      <subfield code="q">a</subfield>
      <subfield code="q">f</subfield>
    </datafield>
    <datafield tag="100" ind1="1" ind2=" ">
      <subfield code="a">Stäntzkhi, Anna Dorothea</subfield>
      <subfield code="d">1630-1630</subfield>
    </datafield>
    <datafield tag="400" ind1="1" ind2=" ">
      <subfield code="a">Herr Stäntzkhin, Anna Dorothea</subfield>
      <subfield code="d">1630-1630</subfield>
    </datafield>
    <datafield tag="400" ind1="1" ind2=" ">
      <subfield code="a">Herr-Stäntzkhi, Anna Dorothea</subfield>
      <subfield code="d">1630-1630</subfield>
    </datafield>
    <datafield tag="400" ind1="1" ind2=" ">
      <subfield code="a">Herr-Stäntzkhin, Anna Dorothea</subfield>
      <subfield code="d">1630-1630</subfield>
    </datafield>
    <datafield tag="400" ind1="1" ind2=" ">
      <subfield code="a">Herr Stäntzkhi, Anna Dorothea</subfield>
      <subfield code="d">1630-1630</subfield>
    </datafield>
    <datafield tag="400" ind1="1" ind2=" ">
      <subfield code="a">Stäntzkhin, Anna Dorothea</subfield>
      <subfield code="d">1630-1630</subfield>
    </datafield>
    <datafield tag="400" ind1="1" ind2=" ">
      <subfield code="a">Herr Stäntzkhi von Herrstain und Welharditz, Anna Dorothea</subfield>
      <subfield code="d">1630-1630</subfield>
    </datafield>
    <datafield tag="400" ind1="1" ind2=" ">
      <subfield code="a">Herr Stäntzkhin von Herrstain und Welharditz, Anna Dorothea</subfield>
      <subfield code="d">1630-1630</subfield>
    </datafield>
    <datafield tag="400" ind1="1" ind2=" ">
      <subfield code="a">Herr Stäntzkhi von Herrstain und Welharditz auf Embhofen, Anna Dorothea</subfield>
      <subfield code="d">1630-1630</subfield>
    </datafield>
    <datafield tag="400" ind1="1" ind2=" ">
      <subfield code="a">Herr Stäntzkhin von Herrstain und Welharditz auf Embhofen, Anna Dorothea</subfield>
      <subfield code="d">1630-1630</subfield>
    </datafield>
    <datafield tag="400" ind1="1" ind2=" ">
      <subfield code="a">Herr-Stäntzkhi von Herrstain und Welharditz, Anna Dorothea</subfield>
      <subfield code="d">1630-1630</subfield>
    </datafield>
    <datafield tag="400" ind1="1" ind2=" ">
      <subfield code="a">Herr-Stäntzkhin von Herrstain und Welharditz, Anna Dorothea</subfield>
      <subfield code="d">1630-1630</subfield>
    </datafield>
    <datafield tag="400" ind1="1" ind2=" ">
      <subfield code="a">Herr-Stäntzkhi von Herrstain und Welharditz auf Embhofen, Anna Dorothea</subfield>
      <subfield code="d">1630-1630</subfield>
    </datafield>
    <datafield tag="400" ind1="1" ind2=" ">
      <subfield code="a">Herr-Stäntzkhin von Herrstain und Welharditz auf Embhofen, Anna Dorothea</subfield>
      <subfield code="d">1630-1630</subfield>
    </datafield>
    <datafield tag="400" ind1="1" ind2=" ">
      <subfield code="a">Herr, Anna Dorothea</subfield>
      <subfield code="d">1630-1630</subfield>
    </datafield>
    <datafield tag="400" ind1="1" ind2=" ">
      <subfield code="a">Stäntzkhi von Herrstain und Welharditz, Anna Dorothea</subfield>
      <subfield code="d">1630-1630</subfield>
    </datafield>
    <datafield tag="400" ind1="1" ind2=" ">
      <subfield code="a">Stäntzkhin von Herrstain und Welharditz, Anna Dorothea</subfield>
      <subfield code="d">1630-1630</subfield>
    </datafield>
    <datafield tag="400" ind1="1" ind2=" ">
      <subfield code="a">Stäntzkhi von Herrstain und Welharditz auf Embhofen, Anna Dorothea</subfield>
      <subfield code="d">1630-1630</subfield>
    </datafield>
    <datafield tag="400" ind1="1" ind2=" ">
      <subfield code="a">Stäntzkhin von Herrstain und Welharditz auf Embhofen, Anna Dorothea</subfield>
      <subfield code="d">1630-1630</subfield>
    </datafield>
    <datafield tag="400" ind1="1" ind2=" ">
      <subfield code="a">Stantzky, Anna Dorothea</subfield>
      <subfield code="d">1630-1630</subfield>
    </datafield>
    <datafield tag="548" ind1=" " ind2=" ">
      <subfield code="a">1630-1630</subfield>
      <subfield code="4">datl</subfield>
      <subfield code="4">https://d-nb.info/standards/elementset/gnd#dateOfBirthAndDeath</subfield>
      <subfield code="w">r</subfield>
      <subfield code="i">Lebensdaten</subfield>
    </datafield>
    <datafield tag="667" ind1=" " ind2=" ">
      <subfield code="a">12</subfield>
    </datafield>
    <datafield tag="667" ind1=" " ind2=" ">
      <subfield code="a">VD-17</subfield>
    </datafield>
    <datafield tag="672" ind1=" " ind2="0">
      <subfield code="a">Ritter, Johann Leonhard: Christlicher LeichSermon. Bey Begräbnuß Deß Wolgebornen Fräwleins/ Fräwleins/ Annae Dorotheae Herr Stäntzkhi/ [et]c. Deß ... Herrn Wolff Michael Herr Stäntzkhi/ Freyherrns von Herrstain und Welharditz/ auff Embhofen/ hertzgeliebten Fräwlein Töchterleins. - 1630</subfield>
    </datafield>
    <datafield tag="675" ind1=" " ind2=" ">
      <subfield code="a">Internat. biogr. Index</subfield>
      <subfield code="a">LoC-NA</subfield>
    </datafield>
    <datafield tag="678" ind1=" " ind2=" ">
      <subfield code="b">gest. in Regensburg am 27. April 1630 im Alter von 15 Wochen und 6 Tagen</subfield>
    </datafield>
    <datafield tag="913" ind1=" " ind2=" ">
      <subfield code="S">pnd</subfield>
      <subfield code="i">a</subfield>
      <subfield code="a">Stäntzkhi, Anna Dorothea</subfield>
      <subfield code="0">(DE-588a)12924211X</subfield>
    </datafield>
  </record>
